@INPROCEEDINGS{survey, 
author={Yan Yan and Tang Zhenmin}, 
booktitle={Intelligent Computation Technology and Automation, 2009. ICICTA '09. Second International Conference on}, 
title={Control Architecture for Autonomous Multi-Robot System: Survey and Analysis}, 
year={2009}, 
month={Oct}, 
volume={4}, 
pages={376-379}, 
}
@incollection{WhittleModels2013,
year={2013},
isbn={978-3-642-41532-6},
booktitle={Model-Driven Engineering Languages and Systems},
volume={8107},
series={LNCS},
title={Industrial Adoption of Model-Driven Engineering: Are the Tools Really the Problem?},
publisher={Springer Berlin Heidelberg},
author={Whittle, Jon and Hutchinson, John and Rouncefield, Mark and Burden, Håkan and Heldal, Rogardt},
pages={1-17}
}

@article{Hutchinson2013,
title = "Model-driven engineering practices in industry: Social, organizational and managerial factors that lead to success or failure ",
journal = "Science of Computer Programming ",
volume = "89, Part B",
number = "0",
pages = "144 - 161",
year = "2014",
issn = "0167-6423",
author = "John Hutchinson and Jon Whittle and Mark Rouncefield",
}


@article{emergentProperties,
title = "What are emergent properties and how do they affect the engineering of complex systems? ",
journal = "Reliability Engineering \& System Safety ",
volume = "91",
number = "12",
pages = "1475 - 1481",
year = "2006",
note = "Complexity in Design and Engineering",
issn = "0951-8320",
doi = "http://dx.doi.org/10.1016/j.ress.2006.01.008",
url = "http://www.sciencedirect.com/science/article/pii/S0951832006000330",
author = "Christopher W. Johnson"
}

@book{skrzypietz2012unmanned,
  title={Unmanned Aircraft Systems for Civilian Missions},
  author={Skrzypietz, T.},
  series={BIGS policy paper: Brandenburgisches Institut f{\"u}r Gesellschaft und Sicherheit},
  url={http://books.google.se/books?id=jQVPmwEACAAJ},
  year={2012},
  publisher={BIGS}
}

@article{gid24,
  title={Social Work and Societal Engineering},
  author={Giddings, Franklin H},
  journal={J. Soc. F.},
  volume={3},
  pages={7},
  year={1924},
  publisher={HeinOnline}
}

@article{bram13,
year={2013},
issn={1935-3812},
journal={Swarm Intelligence},
volume={7},
number={1},
title={Swarm robotics: a review from the swarm engineering perspective},
publisher={Springer US},
author={Brambilla, Manuele and Ferrante, Eliseo and Birattari, Mauro and Dorigo, Marco},
pages={1-41},
}

@ARTICLE{far04,
    author = {Alessandro Farinelli and Luca Iocchi and Daniele Nardi},
    title = {Multi-Robot Systems: A classification focused on coordination},
    journal = {IEEE TRANS. SYST., MAN, CYBERN. B},
    year = {2004},
    volume = {34},
    pages = {2015--2028}
}

@article{garcia2007evolution,
  title={The evolution of robotics research},
  author={Garcia, Elena and Jimenez, Mar{\'\i}a A and De Santos, Pablo Gonzalez and Armada, Manuel},
  journal={Robotics \& Automation Magazine, IEEE},
  volume={14},
  number={1},
  pages={90--103},
  year={2007},
  publisher={IEEE}
}

@ARTICLE{4799437, 
author={Brugali, D. and Prassler, E.}, 
journal={Robotics Automation Magazine, IEEE}, 
title={Software engineering for robotics}, 
year={2009}, 
month={March}, 
volume={16}, 
number={1}, 
pages={9-15},
doi={10.1109/MRA.2009.932127}, 
ISSN={1070-9932},}

@article{brugali2009software,
  title={Software engineering for robotics},
  author={Brugali, Davide and Prassler, Erwin},
  journal={Robotics \& Automation Magazine, IEEE},
  volume={16},
  number={1},
  pages={9--15},
  year={2009},
  publisher={IEEE}
}
@article{schuster2009robotics,
  title={Robotics Safety},
  author={Schuster, George and Winrich, Marvin and Automation, Rockwell},
  journal={Rockwell Automation Paper WP009A-EN-P},
  year={2009}
}
@article{bettini2010survey,
  title={A survey of context modelling and reasoning techniques},
  author={Bettini, Claudio and Brdiczka, Oliver and Henricksen, Karen and Indulska, Jadwiga and Nicklas, Daniela and Ranganathan, Anand and Riboni, Daniele},
  journal={Pervasive and Mobile Computing},
  volume={6},
  number={2},
  pages={161--180},
  year={2010},
  publisher={Elsevier}
}
@article{ramaswamy2014solution,
  title={Solution Space Modeling for Robotic Systems},
  author={Ramaswamy, Arun Kumar and Monsuez, Bruno and Tapus, Adriana and others},
  journal={Journal for Software Engineering Robotics},
  volume={5},
  number={1},
  pages={89--96},
  year={2014}
}

@misc{cisq,
    title={{CISQ, Consortium for IT Software Quality}}, 
    url = {http://it-cisq.org}
}
@misc{Plang,
    title={{P language Manual}}, 
    url = {https://github.com/p-org/P/blob/master/Doc/Manual/pmanual.pdf}
}
@misc{netrobots,
    title={{IEEE Society of Robotics and Automation’s Technical Committee on Networked
Robots}}, 
    url = {http://www-users.cs.umn.edu/~isler/tc/}
}

@ARTICLE{5386628, 
author={Hailpern, B. and Tarr, P.}, 
journal={IBM Systems Journal}, 
title={Model-driven development: The good, the bad, and the ugly}, 
year={2006}, 
month={}, 
volume={45}, 
number={3}, 
pages={451-461}, 
doi={10.1147/sj.453.0451}, 
ISSN={0018-8670},}

@article{good07,
 author = {Goodrich, Michael A. and Schultz, Alan C.},
 title = {Human-robot Interaction: A Survey},
 journal = {Found. Trends Hum.-Comput. Interact.},
 issue_date = {February 2007},
 volume = {1},
 number = {3},
 month = jan,
 year = {2007},
 issn = {1551-3955},
 pages = {203--275},
 numpages = {73},
 url = {http://dx.doi.org/10.1561/1100000005},
 doi = {10.1561/1100000005},
 acmid = {1348100},
 publisher = {Now Publishers Inc.},
 address = {Hanover, MA, USA},
}
@incollection{dijkstra1982role,
  title={On the role of scientific thought},
  author={Dijkstra, Edsger W},
  booktitle={Selected Writings on Computing: A Personal Perspective},
  pages={60--66},
  year={1982},
  publisher={Springer}
}
@inproceedings{lee2008cyber,
  title={Cyber physical systems: Design challenges},
  author={Lee, Edward A},
  booktitle={Object Oriented Real-Time Distributed Computing (ISORC), 2008 11th IEEE International Symposium on},
  pages={363--369},
  year={2008},
  organization={IEEE}
}
@article{baheti2011cyber,
  title={Cyber-physical systems},
  author={Baheti, Radhakisan and Gill, Helen},
  journal={The impact of control technology},
  pages={161--166},
  year={2011},
  publisher={Washington DC, USA: IEEE}
}
@unpublished{OurPaper,
author = {Bozhinoski, Darko and Ciccozzi, Federico and Crnkovic, Ivica and Ruscio, Davide Di and Malavolta, Ivano and Pelliccione, Patrizio},
title = {Mobile Multi-robot Systems in Everyday
Life: Technological Challenges and Opportunities},
note = {under submission to IEEE Software},
year = {2014}
}
@inproceedings{kofod2006challenges,
  title={Challenges in case-based reasoning for context awareness in ambient intelligent systems},
  author={Kofod-Petersen, Anders},
  booktitle={8th European Conference on Case-Based Reasoning, Workshop Proceedings, {\"O}l{\"u}deniz/Fethiye, Turkey},
  pages={287--299},
  year={2006}
}


@misc{safetyproperties,
      title = {Safety Standards: International Organization for Standardization (ISO) for robots and robot systems integration},
      month = {October},
      year = {2014},
      howpublished= {\url{http://www.iso.org/iso/home/store/catalogue_tc/catalogue_tc_browse.htm?commid=54138}}
}
@misc{MapReduce,
      title = {MapReduce Tutorial},
      month = {October},
      year = {2014},
      howpublished= {\url{http://hadoop.apache.org/docs/r1.2.1/mapred_tutorial.html}}
}
@book{christensen2003control,
  title={Control Problems in Robotics},
  author={Christensen, Henrik I and Bicchi, Antonio and Prattichizzo, Domenico},
  year={2003},
  publisher={Springer}
}

@article{chen2011active,
  title={Active vision in robotic systems: A survey of recent developments},
  author={Chen, Shengyong and Li, Youfu and Kwok, Ngai Ming},
  journal={The International Journal of Robotics Research},
  volume={30},
  number={11},
  pages={1343--1377},
  year={2011},
  publisher={SAGE Publications}
}
@article{elkady2012robotics,
  title={Robotics middleware: A comprehensive literature survey and attribute-based bibliography},
  author={Elkady, Ayssam and Sobh, Tarek},
  journal={Journal of Robotics},
  volume={2012},
  year={2012},
  publisher={Hindawi Publishing Corporation}
}
@incollection{chmaj2015distributed,
  title={Distributed processing applications for UAV/drones: a survey},
  author={Chmaj, Grzegorz and Selvaraj, Henry},
  booktitle={Progress in Systems Engineering},
  pages={449--454},
  year={2015},
  publisher={Springer}
}
@article{choset2001coverage,
  title={Coverage for robotics--A survey of recent results},
  author={Choset, Howie},
  journal={Annals of mathematics and artificial intelligence},
  volume={31},
  number={1-4},
  pages={113--126},
  year={2001},
  publisher={Springer}
}
@book{thielscher2006reasoning,
  title={Reasoning robots: the art and science of programming robotic agents},
  author={Thielscher, Michael},
  volume={33},
  year={2006},
  publisher={Springer}
}
@inproceedings{mohamed2008middleware,
  title={Middleware for robotics: A survey},
  author={Mohamed, Nader and Al-Jaroodi, Jameela and Jawhar, Imad},
  booktitle={Robotics, Automation and Mechatronics, 2008 IEEE Conference on},
  pages={736--742},
  year={2008},
  organization={IEEE}
}
@inproceedings{edwards2009architecture,
  title={Architecture-driven self-adaptation and self-management in robotics systems},
  author={Edwards, George and Garcia, Joshua and Tajalli, Hossein and Popescu, Daniel and Medvidovic, Nenad and Sukhatme, Gaurav and Petrus, Brad},
  booktitle={Software Engineering for Adaptive and Self-Managing Systems, 2009. SEAMS'09. ICSE Workshop on},
  pages={142--151},
  year={2009},
  organization={IEEE}
}
@article{ingles2010using,
  title={Using Models@ Runtime for Designing Adaptive Robotics Software: an Experience Report},
  author={Ingl{\'e}s Romero, Juan F and Vicente Chicote, Cristina and Morin, Brice and Barais, Olivier},
  year={2010},
  publisher={Artist Consortium}
}
@article{di2014guest,
  title={Guest editorial to the special issue on Success Stories in Model Driven Engineering},
  author={Di Ruscio, Davide and Paige, Richard F and Pierantonio, Alfonso},
  journal={Science of Computer Programming},
  volume={89},
  pages={69--70},
  year={2014},
  publisher={Elsevier}
}
@inproceedings{ramaswamy2014model,
  title={Model-driven software development approaches in robotics research},
  author={Ramaswamy, Arunkumar and Monsuez, Bruno and Tapus, Adriana},
  booktitle={Proceedings of the 6th International Workshop on Modeling in Software Engineering},
  pages={43--48},
  year={2014},
  organization={ACM}
}
@inproceedings{ramaswamy2014saferobots,
  title={SafeRobots: A model-driven approach for designing robotic software architectures},
  author={Ramaswamy, Arunkumar and Monsuez, Bruno and Tapus, Adriana},
  booktitle={Collaboration Technologies and Systems (CTS), 2014 International Conference on},
  pages={131--134},
  year={2014},
  organization={IEEE}
}
@incollection{dhouib2012robotml,
  title={Robotml, a domain-specific language to design, simulate and deploy robotic applications},
  author={Dhouib, Saadia and Kchir, Selma and Stinckwich, Serge and Ziadi, Tewfik and Ziane, Mikal},
  booktitle={Simulation, Modeling, and Programming for Autonomous Robots},
  pages={149--160},
  year={2012},
  publisher={Springer}
}
@article{alonso2010v3cmm,
  title={V3CMM: A 3-view component meta-model for model-driven robotic software development},
  author={Alonso, Diego and Vicente-Chicote, Cristina and Ortiz, Francisco and Pastor, Juan and {\'A}lvarez, B{\'a}rbara},
  publisher={Citeseer}
}
@incollection{nordmann2014survey,
  title={A survey on domain-specific languages in robotics},
  author={Nordmann, Arne and Hochgeschwender, Nico and Wrede, Sebastian},
  booktitle={Simulation, Modeling, and Programming for Autonomous Robots},
  pages={195--206},
  year={2014},
  publisher={Springer}
}
@inproceedings{arumugam2010davinci,
  title={DAvinCi: A cloud computing framework for service robots},
  author={Arumugam, Rajesh and Enti, Vikas Reddy and Bingbing, Liu and Xiaojun, Wu and Baskaran, Krishnamoorthy and Kong, Foong Foo and Kumar, Appadorai Senthil and Meng, Kang Dee and Kit, Goh Wai},
  booktitle={Robotics and Automation (ICRA), 2010 IEEE International Conference on},
  pages={3084--3089},
  year={2010},
  organization={IEEE}
}
@inproceedings{shvachko2010hadoop,
  title={The hadoop distributed file system},
  author={Shvachko, Konstantin and Kuang, Hairong and Radia, Sanjay and Chansler, Robert},
  booktitle={Mass Storage Systems and Technologies (MSST), 2010 IEEE 26th Symposium on},
  pages={1--10},
  year={2010},
  organization={IEEE}
}
@inproceedings{alnounou2010service,
  title={Service-oriented architecture: On the suitability for mobile robots},
  author={Alnounou, Yasser and Haidar, Mahmoud and Paulik, Mark and Al-Holou, Nizar},
  booktitle={Electro/Information Technology (EIT), 2010 IEEE International Conference on},
  pages={1--5},
  year={2010},
  organization={IEEE}
}
@inproceedings{oliveira2013investigation,
  title={An investigation into the development of service-oriented robotic systems},
  author={Oliveira, Lucas Bueno R and Os{\'o}rio, Fernando S and Nakagawa, Elisa Yumi},
  booktitle={Proceedings of the 28th Annual ACM Symposium on Applied Computing},
  pages={223--228},
  year={2013},
  organization={ACM}
}
@phdthesis{gherardi2013variability,
  title={Variability modeling and resolution in component-based robotics systems},
  author={Gherardi, Luca},
  year={2013},
  school={Katholieke Universiteit Leuven, Belgium}
}
@article{hallsteinsen2008dynamic,
  title={Dynamic software product lines},
  author={Hallsteinsen, Svein and Hinchey, Mike and Park, Sooyong and Schmid, Klaus},
  journal={Computer},
  volume={41},
  number={4},
  pages={93--95},
  year={2008},
  publisher={IEEE}
}
@article{bischoff2009robotic,
  title={Robotic Visions to 2020 and beyond--The Strategic Research Agenda (SRA) for robotics in Europe},
  author={Bischoff, R and Guhl, T},
  journal={URL: www. robotics-platform. eu/sra [last accessed on 23.03. 2010]},
  year={2009}
}
@INPROCEEDINGS{spacetimemodeling,
    author  = "Piechnick, Christian and Kühn, Thomas  and Kaiser, Ronny and Aßmann, Uwe",
    title   = "Towards Context Modeling in Space and Time",
    journal = "CEUR Workshop Proceedings ",
    year    = "2014"
}

@incollection{referencemodels,
year={2014},
isbn={978-3-319-08914-0},
booktitle={Models@run.time},
volume={8378},
series={Lecture Notes in Computer Science},
editor={Bencomo, Nelly and France, Robert and Cheng, BettyH.C. and Aßmann, Uwe},
doi={10.1007/978-3-319-08915-7_1},
title={A Reference Architecture and Roadmap for Models@run.time Systems},
url={http://dx.doi.org/10.1007/978-3-319-08915-7_1},
publisher={Springer International Publishing},
author={Aßmann, Uwe and Götz, Sebastian and Jézéquel, Jean-Marc and Morin, Brice and Trapp, Mario},
pages={1-18},
language={English}
}

@inproceedings{feitosa2012investigation,
  title={An Investigation into Reference Architectures for Mobile Robotic Systems},
  author={Feitosa, Daniel and Nakagawa, Elisa Yumi},
  booktitle={ICSEA 2012, The Seventh International Conference on Software Engineering Advances},
  pages={465--471},
  year={2012}
}
@article{oreback2003evaluation,
  title={Evaluation of architectures for mobile robotics},
  author={Oreb{\"a}ck, Anders and Christensen, Henrik I},
  journal={Autonomous robots},
  volume={14},
  number={1},
  pages={33--49},
  year={2003},
  publisher={Springer}
}
@inproceedings{schneider2011safety,
  title={A safety engineering framework for open adaptive systems},
  author={Schneider, Daniel and Trapp, Mario},
  booktitle={Self-Adaptive and Self-Organizing Systems (SASO), 2011 Fifth IEEE International Conference on},
  pages={89--98},
  year={2011},
  organization={IEEE}
}
@article{morin2009models,
  title={Models@ run. time to support dynamic adaptation},
  author={Morin, Brice and Barais, Olivier and Jezequel, J and Fleurey, Franck and Solberg, Arnor},
  journal={Computer},
  volume={42},
  number={10},
  pages={44--51},
  year={2009},
  publisher={IEEE}
}
@inproceedings{jo2008development,
  title={Development of formal method application for ensuring safety in train control system},
  author={Jo, Hyun-Jeong and Hwang, Jong-Gyu and Yong, YK},
  booktitle={Proceedings 8th World Congress on Railway Research (WCRR), Seoul, Korea},
  year={2008}
}
@article{zheng2014state,
  title={On the State of the Art in Verification and Validation in Cyber Physical Systems},
  author={Zheng, Xi and Julien, Christine and Kim, Miryung and Khurshid, Sarfraz},
  year={2014}
}
@misc{businessCPS,
     title = {Strategic Vision and Business Drivers for 21st Century Cyber-Physical Systems},
      month = {January},
      year = {2013},
      howpublished= {\url{http://www.nist.gov/el/upload/Exec-Roundtable-SumReport-Final-1-30-13.pdf}},
      note={Foundations in Innovation for Cyber-Physical Systems}
}
@misc{RDCPS,
     title = {Strategic R\&D Opportunities for 21st Century Cyber-Physical Systems},
      month = {January},
      year = {2013},
      howpublished= {\url{http://www.nist.gov/el/upload/12-Cyber-Physical-Systems020113_final.pdf}},
      note={Foundations in Innovation for Cyber-Physical Systems}
}
@article{hu2012cloud,
  title={Cloud robotics: architecture, challenges and applications},
  author={Hu, Guoqiang and Tay, Wee Peng and Wen, Yonggang},
  journal={Network, IEEE},
  volume={26},
  number={3},
  pages={21--28},
  year={2012},
  publisher={IEEE}
}
@article{waibel2011world,
  title={A World Wide Web for Robots},
  author={Waibel, Markus and Beetz, Michael and Civera, Javier and d’Andrea, Raffaello and Elfring, Jos and Galvez-Lopez, Dorian and Haussermann, Kai and Janssen, Rob and Montiel, JMM and Perzylo, Alexander and others},
  journal={IEEE Robotics \& Automation Magazine},
  year={2011}
}
@inproceedings{reichardt2013software,
  title={On software quality-motivated design of a real-time framework for complex robot control systems},
  author={Reichardt, Max and F{\"o}hst, Tobias and Berns, Karsten},
  booktitle={Proceedings of the 7th International Workshop on Software Quality and Maintainability (SQM), in conjunction with the 17th European Conference on Software Maintenance and Reengineering (CSMR)},
  year={2013}
}
@inproceedings{zweigle2009roboearth,
  title={RoboEarth: connecting robots worldwide},
  author={Zweigle, Oliver and van de Molengraft, Ren{\'e} and d'Andrea, Raffaello and H{\"a}ussermann, Kai},
  booktitle={Proceedings of the 2nd International Conference on Interaction Sciences: Information Technology, Culture and Human},
  pages={184--191},
  year={2009},
  organization={ACM}
}
@article{leveson1986software,
  title={Software safety: why, what, and how},
  author={Leveson, Nancy G},
  journal={ACM Computing Surveys (CSUR)},
  volume={18},
  number={2},
  pages={125--163},
  year={1986},
  publisher={ACM}
}
@article{subramanian2001metrics,
  title={Metrics for software adaptability},
  author={Subramanian, Nary and Chung, Lawrence},
  journal={Proc. Software Quality Management (SQM 2001), April},
  year={2001},
  publisher={Citeseer}
}


@incollection{collaborativeSLR,
  year={2008},
  booktitle={Advances in Enterprise Engineering I},
  volume={10},
  series={Lecture Notes in Business Information Processing},
  editor={Dietz, JanL.G. and Albani, Antonia and Barjis, Joseph},
  title={{Challenges in Collaborative Modeling: A Literature Review}},
  publisher={Springer Berlin Heidelberg},
  author={Renger, Michiel and Kolfschoten, GwendolynL. and Vreede, Gert-Jan},
  pages={61-77}
}
@incollection{avivzienis2004dependability,
  title={Dependability and its threats: a taxonomy},
  author={Avi{\v{z}}ienis, Algirdas and Laprie, Jean-Claude and Randell, Brian},
  booktitle={Building the Information Society},
  pages={91--120},
  year={2004},
  publisher={Springer}
}
@article{Kitchenham2010792,
  title = {{Systematic literature reviews in software engineering – A tertiary study}},
  journal = {{Information and Software Technology}},
  author = {Kitchenham, Barbara and Pretorius, Rialette and Budgen, David and Pearl Brereton, O. and Turner, Mark and Niazi, Mahmood and Linkman, Stephen},
  volume = {52},
  number = {8},
  pages = {792--805},
  year = {2010}
}

@article{ivarsson2011method,
  title={A method for evaluating rigor and industrial relevance of technology evaluations},
  author={Ivarsson, Martin and Gorschek, Tony},
  journal={Empirical Software Engineering},
  volume={16},
  number={3},
  pages={365--395},
  year={2011},
  publisher={Springer}
}

@article{journals/cleiej/RochaCRAJMP11,
  author = {Rocha, Rodrigo G. C. and Costa, Catarina and de Oliveira Rodrigues, Cleyton Mário and de Azevedo, Ryan Ribeiro and de Farias Junior, Ivaldir H. and de Lemos Meira, Silvio Romero and Prikladnicki, Rafael},
  journal = {CLEI Electron. J.},
  number = 2,
  title = {Collaboration Models in Distributed Software Development: a Systematic Review.},
  volume = {14},
  year = {2011}
}

@INCOLLECTION{gqm,
  author = {Victor R. Basili and Gianluigi Caldiera and H. Dieter Rombach},
  title = {The Goal Question Metric Approach},
  booktitle = {Encyclopedia of Software Engineering},
  publisher = {Wiley},
  year = {1994}
}

@inproceedings{mapping_se,
 author = {Petersen, Kai and Feldt, Robert and Mujtaba, Shahid and Mattsson, Michael},
 title = {Systematic Mapping Studies in Software Engineering},
 booktitle = {Proceedings of the 12th International Conference on Evaluation and Assessment in Software Engineering},
 series = {EASE'08},
 year = {2008},
 location = {Italy},
 pages = {68--77},
 numpages = {10},
 acmid = {2227123},
 publisher = {British Computer Society},
 address = {Swinton, UK, UK},
 keywords = {evidence based software engineering, systematic mapping studies, systematic reviews},
} }



@article{gqm2,
  title={Practical guidelines for measurement-based process improvement},
  author={Briand, Lionel C and Differding, Christiane M and Rombach, H Dieter},
  journal={Software Process Improvement and Practice},
  volume={2},
  number={4},
  pages={253--280},
  year={1996},
  publisher={Citeseer}
}

@article{Brereton2007571,
  title = {Lessons from applying the systematic literature review process within the software engineering domain},
  journal = {{Journal of Systems and Software}},
  volume = {80},
  number = {4},
  pages = {571--583},
  year = {2007},
  author = {Pearl Brereton and Barbara A. Kitchenham and David Budgen and Mark Turner and Mohamed Khalil}
}

@INPROCEEDINGS{4343750, 
author={Dyba, Tore and Dingsoyr, T. and Hanssen, G.K.}, 
booktitle={Empirical Software Engineering and Measurement, 2007. ESEM 2007. First International Symposium on}, 
title={Applying Systematic Reviews to Diverse Study Types: An Experience Report}, 
year={2007}, 
month={Sept}, 
pages={225-234}, 
keywords={software engineering;agile software development;evidence-based software engineering;standard meta-analytic technique;systematic review;Appraisal;Databases;Decision making;Guidelines;Medical services;Programming;Software engineering;Software maintenance;Software measurement;Strontium}, 
doi={10.1109/ESEM.2007.59}, 
ISSN={1938-6451},}

@article{tertiaryAli,
  title = {{Systematic reviews in software engineering: An empirical investigation}},
  journal = {{Information and Software Technology}},
  volume = {55},
  number = {7},
  pages = {1341--1354},
  year = {2013},
  issn = {0164--1212},
  author = {He Zhang and Muhammad Ali Babar}
}

@article{wieringa,
year={2006},
issn={0947-3602},
journal={Requirements Engineering},
volume={11},
number={1},
doi={10.1007/s00766-005-0021-6},
title={Requirements engineering paper classification and evaluation criteria: a proposal and a discussion},
publisher={Springer-Verlag},
keywords={Requirements engineering research; Research methods; Paper classification; Paper evaluation criteria},
author={Wieringa, Roel and Maiden, Neil and Mead, Nancy and Rolland, Colette},
pages={102-107},
language={English}
}

@inproceedings{Wohlin:2014:GSS:2601248.2601268,
 author = {Wohlin, Claes},
 title = {Guidelines for Snowballing in Systematic Literature Studies and a Replication in Software Engineering},
 booktitle = {Proceedings of the 18th International Conference on Evaluation and Assessment in Software Engineering},
 series = {EASE '14},
 year = {2014},
 location = {London, England, United Kingdom},
 pages = {38:1--38:10},
 publisher = {ACM},
 address = {New York, NY, USA}
} 

@book{Ghezzi:2002:FSE:560394,
 author = {Ghezzi, Carlo and Jazayeri, Mehdi and Mandrioli, Dino},
 title = {Fundamentals of Software Engineering},
 year = {2002},
 isbn = {0133056996},
 edition = {2nd},
 publisher = {Prentice Hall PTR},
 address = {Upper Saddle River, NJ, USA},
} 

@article{Engstrom:2011:SPL:1879840.1879889,
 author = {Engstr\"{o}m, Emelie and Runeson, Per},
 title = {Software Product Line Testing - A Systematic Mapping Study},
 journal = {Inf. Softw. Technol.},
 issue_date = {January, 2011},
 volume = {53},
 number = {1},
 month = jan,
 year = {2011},
 issn = {0950-5849},
 pages = {2--13},
 numpages = {12},
 doi = {10.1016/j.infsof.2010.05.011},
 acmid = {1879889},
 publisher = {Butterworth-Heinemann},
 address = {Newton, MA, USA},
 keywords = {Software product line testing, Systematic literature review, Systematic mapping, Testing},
} 
}
@article{Mehmood2013395,
title = "Aspect-oriented model-driven code generation: A systematic mapping study ",
journal = "Information and Software Technology ",
volume = "55",
number = "2",
pages = "395 - 411",
year = "2013",
note = "Special Section: Component-Based Software Engineering (CBSE), 2011 ",
issn = "0950-5849",
doi = "http://dx.doi.org/10.1016/j.infsof.2012.09.003",
author = "Abid Mehmood and Dayang N.A. Jawawi",
keywords = "Aspect-oriented software development",
keywords = "Model-driven engineering",
keywords = "Code generation",
keywords = "Systematic map "
}

@article{Petersen2011317,
title = "Measuring and predicting software productivity: A systematic map and review ",
journal = "Information and Software Technology ",
volume = "53",
number = "4",
pages = "317 - 343",
year = "2011",
note = "Special section: Software Engineering track of the 24th Annual Symposium on Applied Computing Software Engineering track of the 24th Annual Symposium on Applied Computing ",
issn = "0950-5849",
doi = "http://dx.doi.org/10.1016/j.infsof.2010.12.001",
author = "Kai Petersen",
keywords = "Software productivity",
keywords = "Software development",
keywords = "Efficiency",
keywords = "Performance",
keywords = "Measurement",
keywords = "Prediction "
}

@book{fleiss2004statistical,
  title={Statistical Methods for Rates and Proportions},
  author={Fleiss, J.L. and Levin, B. and Paik, M.C.},
  isbn={9780471458616},
  series={Wiley Series in Probability and Statistics},
  year={2004},
  publisher={Wiley}
}

@techreport{kitchenham2007guidelines,
  title={{Guidelines for performing systematic literature reviews in software engineering}},
  author={Kitchenham, Barbara A and Charters, Stuart},
  year={2007},
  institution={{Keele University and University of Durham}},
  number = {EBSE-2007-01}
}

@article{wohlin2013systematic,
  title={Systematic Literature Reviews in Software Engineering},
  author={Wohlin, Claes and Prikladnicki, Rafael},
  journal={Information and Software Technology},
  volume={55},
  number={6},
  pages={919--920},
  year={2013},
  publisher={Elsevier}
}

@book{wohlin2012experimentation,
  title={Experimentation in Software Engineering},
  author={Wohlin, C. and Runeson, P. and H{\"o}st, M. and Ohlsson, M.C. and Regnell, B. and Wessl{\'e}n, A.},
  series={Computer Science},
  year={2012},
  publisher={Springer}
}

@article{Cruzes2011440,
  title = {{Research synthesis in software engineering: A tertiary study }},
  journal = {Information and Software Technology },
  volume = {53},
  number = {5},
  pages = {440 - 455},
  year = {2011},
  note = {Special Section on Best Papers from \{XP2010\} },
  author = {Daniela S. Cruzes and Tore Dybå}
}

@inproceedings{KitchenhamQuality,
  author = {Kitchenham, Barbara and Sj{\o}berg, Dag I. K. and Brereton, O. Pearl and Budgen, David and Dyb{\aa}, Tore and H\"{o}st, Martin and Pfahl, Dietmar and Runeson, Per},
  title = {Can We Evaluate the Quality of Software Engineering Experiments?},
  booktitle = {Proceedings of the 2010 ACM-IEEE International Symposium on Empirical Software Engineering and Measurement},
  series = {ESEM '10},
  year = {2010},
  location = {Bolzano-Bozen, Italy},
  pages = {2:1--2:8},
  publisher = {ACM},
  address = {New York, NY, USA}
} 

@article{designThinking,
  author = {Denning, Peter J.},
  title = {{Design Thinking}},
  journal = {Commun. ACM},
  issue_date = {December 2013},
  volume = {56},
  number = {12},
  month = dec,
  year = {2013},
  pages = {29--31},
  numpages = {3},
  publisher = {ACM},
  address = {New York, NY, USA}
}

@book{wiener1965cybernetics,
  title={{Cybernetics or Control and Communication in the Animal and the Machine}},
  author={Wiener, Norbert},
  volume={25},
  year={1965},
  publisher={MIT press}
}

@book{LeeSeshia10_IntroductionToEmbeddedSystemsCyberPhysicalSystemsApproach,
  author = {Edward A. Lee and Sanjit A. Seshia},
  title = {{Introduction to Embedded Systems - A Cyber-Physical Systems Approach}},
  publisher = {Lee and Seshia},
  edition = {1},
  year = {2010},
}
  
@inproceedings{Cardenas:2008:RCS:1496671.1496677,
  author = {C\'{a}rdenas, Alvaro A. and Amin, Saurabh and Sastry, S. Shankar},
  title = {{Research Challenges for the Security of Control Systems}},
  booktitle = {Proceedings of the 3rd Conference on Hot Topics in Security},
  series = {HOTSEC'08},
  year = {2008},
  location = {San Jose, CA},
  pages = {6:1--6:6},
  articleno = {6},
  numpages = {6},
  publisher = {USENIX Association},
  address = {Berkeley, CA, USA}
}
 
@misc{NistStrategicVisionCPS,
  author = {{National Institute of Standards and Technology (NIST)}},
  title = {{Strategic Vision and Business Drivers for 21st Century Cyber-Physical Systems}},
  year = {2013},
  month = {January}
}

@techreport{NistSP-800-82-Rev2,
  author = {Keith Stouffer and Suzanne Lightman and Victoria Pillitteri and Marshall Abrams and Adam Hahn},
  title = {{NIST Special Publication 800-82 Revision 2. Initial Public Draft. Guide to Industrial Control Systems (ICS) Security: Supervisory Control and Data Acquisition (SCADA) Systems, Distributed Control Systems (DCS), and Other Control System Configurations Such As Programmable Logic Controllers (PLC)}},
  year = {2014},
  institution = {National Institute of Standards \& Technology},
  address = {Gaithersburg, MD, United States}
}

@inproceedings{Rajkumar:2010:CSN:1837274.1837461,
  author = {Rajkumar, Ragunathan (Raj) and Lee, Insup and Sha, Lui and Stankovic, John},
  title = {{Cyber-physical Systems: The Next Computing Revolution}},
  booktitle = {Proceedings of the 47th Design Automation Conference},
  series = {DAC '10},
  year = {2010},
  location = {Anaheim, California},
  pages = {731--736},
  numpages = {6},
  publisher = {ACM}
}

@article{5512708, 
  author={Poovendran, R.}, 
  journal={Proceedings of the IEEE}, 
  title={{Cyber-Physical Systems: Close Encounters Between Two Parallel Worlds [Point of View]}}, 
  year={2010}, 
  month={Aug}, 
  volume={98}, 
  number={8}, 
  pages={1363-1366}
}

@inproceedings{koscher2010experimental,
  title={{Experimental security analysis of a modern automobile}},
  author={Koscher, Karl and Czeskis, Alexei and Roesner, Franziska and Patel, Shwetak and Kohno, Tadayoshi and Checkoway, Stephen and McCoy, Damon and Kantor, Brian and Anderson, Danny and Shacham, Hovav and others},
  booktitle={Security and Privacy (SP), 2010 IEEE Symposium on},
  pages={447--462},
  year={2010},
  organization={IEEE}
}

@inproceedings{4531149, 
  author={Halperin, D. and Heydt-Benjamin, T.S. and Ransford, B. and Clark, S.S. and Defend, B. and Morgan, W. and Fu, K. and Kohno, T. and Maisel, W.H.}, 
  booktitle={Security and Privacy, 2008. SP 2008. IEEE Symposium on}, 
  title={{Pacemakers and Implantable Cardiac Defibrillators: Software Radio Attacks and Zero-Power Defenses}}, 
  year={2008}, 
  month={May}, 
  pages={129-142}
}

@article{5742014, 
  author={Chen, T.M. and Abu-Nimeh, S.}, 
  journal={Computer}, 
  title={{Lessons from Stuxnet}}, 
  year={2011}, 
  month={April}, 
  volume={44}, 
  number={4}, 
  pages={91-93}
}

@inproceedings{Teixeira:2012:AMS:2185505.2185515,
 author = {Teixeira, A. and P\'{e}rez, D. and Sandberg, H. and Johansson, K. H.},
 title = {{Attack Models and Scenarios for Networked Control Systems}},
 booktitle = {Proceedings of the 1st International Conference on High Confidence Networked Systems},
 series = {HiCoNS '12},
 year = {2012},
 isbn = {978-1-4503-1263-9},
 location = {Beijing, China},
 pages = {55--64},
 numpages = {10},
 publisher = {ACM}
}

@article{1335465, 
  author={Avizienis, A and Laprie, J.-C. and Randell, B. and Landwehr, C.}, 
  journal={Dependable and Secure Computing, IEEE Transactions on}, 
  title={{Basic concepts and taxonomy of dependable and secure computing}}, 
  year={2004}, 
  month={Jan}, 
  volume={1}, 
  number={1}, 
  pages={11-33}
}

@inproceedings{4577833, 
  author={C\'{a}rdenas, Alvaro A. and Amin, Saurabh and Sastry, S. Shankar}, 
  booktitle={Distributed Computing Systems Workshops, 2008. ICDCS '08. 28th International Conference on}, 
  title={{Secure Control: Towards Survivable Cyber-Physical Systems}}, 
  year={2008}, 
  month={June}, 
  pages={495-500}
}

@article{Denning:1987:IM:22853.22862,
  author = {Denning, Dorothy E.},
  title = {{An Intrusion-Detection Model}},
  journal = {IEEE Trans. Softw. Eng.},
  issue_date = {February 1987},
  volume = {13},
  number = {2},
  month = feb,
  year = {1987},
  pages = {222--232},
  numpages = {11},
  publisher = {IEEE Press}
}

@article{5682374, 
  author={Carcano, A and Coletta, A and Guglielmi, M. and Masera, M. and Fovino, IN. and Trombetta, A}, 
  journal={Industrial Informatics, IEEE Transactions on}, 
  title={{A Multidimensional Critical State Analysis for Detecting Intrusions in SCADA Systems}}, 
  year={2011}, 
  month={May}, 
  volume={7}, 
  number={2}, 
  pages={179-186}
}

@article{6157575, 
  author={Ye Yan and Yi Qian and Sharif, H. and Tipper, D.}, 
  journal={Communications Surveys Tutorials, IEEE}, 
  title={{A Survey on Smart Grid Communication Infrastructures: Motivations, Requirements and Challenges}}, 
  year={2013}, 
  month={First}, 
  volume={15}, 
  number={1}, 
  pages={5-20}
}

@article{Mirkovic:2004:TDA:997150.997156,
  author = {Mirkovic, Jelena and Reiher, Peter},
  title = {{A Taxonomy of DDoS Attack and DDoS Defense Mechanisms}},
  journal = {SIGCOMM Comput. Commun. Rev.},
  issue_date = {April 2004},
  volume = {34},
  number = {2},
  month = apr,
  year = {2004},
  issn = {0146-4833},
  pages = {39--53},
  numpages = {15},
  publisher = {ACM}
}

@inproceedings{6580348, 
  author={Cheolhyeon Kwon and Weiyi Liu and Inseok Hwang},
  booktitle={American Control Conference (ACC), 2013},
  title={{Security analysis for Cyber-Physical Systems against stealthy deception attacks}},
  year={2013},
  month={June},
  pages={3344-3349}
}

@inproceedings{Tiri:2007:SAP:1278480.1278485,
  author = {Tiri, Kris},
  title = {{Side-channel Attack Pitfalls}},
  booktitle = {Proceedings of the 44th Annual Design Automation Conference},
  series = {DAC '07},
  year = {2007},
  location = {San Diego, California},
  pages = {15--20},
  numpages = {6},
  publisher = {ACM},
  address = {New York, NY, USA}
}

@book{kuipers2006control,
  title={Control systems cyber security: Defense in depth strategies},
  author={Kuipers, David and Fabro, Mark},
  year={2006},
  publisher={{United States. Department of Energy}}
}

@misc{DHS2009ICS,
  title={{Recommended Practice: Improving Industrial Control Systems Cybersecurity with Defense-In-Depth Strategies}},
  month={October},
  year={2009},
  author={{US Department of Homeland Security Control System Security Program (DHS CSSP)}}
}

@article{alves2006mils,
  title={{The MILS architecture for high-assurance embedded systems}},
  author={Alves-Foss, Jim and Oman, Paul W and Taylor, Carol and Harrison, W Scott},
  journal={International journal of embedded systems},
  volume={2},
  number={3},
  pages={239--247},
  year={2006},
  publisher={Inderscience}
}

@article{Bakolas2011184,
  title = {{Augmenting defense-in-depth with the concepts of observability and diagnosability from Control Theory and Discrete Event Systems}},
  journal = {{Reliability Engineering \& System Safety}},
  volume = {96},
  number = {1},
  pages = {184--193},
  year = {2011},
  note = {{Special Issue on Safecomp 2008}},
  author = {Efstathios Bakolas and Joseph H. Saleh}
}

@incollection{Casola2014MTD,
  year={2014},
  booktitle={{Integration of Reusable Systems}},
  volume={263},
  series={{Advances in Intelligent Systems and Computing}},
  editor={Bouabana-Tebibel, Thouraya and Rubin, Stuart H.},
  title={{A Multi-Layer Moving Target Defense Approach for Protecting Resource-Constrained Distributed Devices}},
  publisher={Springer International Publishing},
  author={Casola, Valentina and De Benedictis, Alessandra and Albanese, Massimiliano},
  pages={299-324}
}

@book{Bishop:2002:ASC:579090,
  author = {Bishop, Matthew A.},
  title = {{The  Art and Science of Computer Security}},
  year = {2002},
  publisher = {Addison-Wesley Longman Publishing Co., Inc.},
  address = {Boston, MA, USA}
}

@inproceedings{Ravi:2004:SND:996566.996771,
 author = {Kocher, Paul and Lee, Ruby and McGraw, Gary and Raghunathan, Anand},
 note = {Moderator - S. Ravi},
 title = {{Security As a New Dimension in Embedded System Design}},
 booktitle = {{Proceedings of the 41st Annual Design Automation Conference}},
 series = {{DAC '04}},
 year = {2004},
 location = {San Diego, CA, USA},
 pages = {753--760},
 numpages = {8},
 publisher = {ACM},
 address = {New York, NY, USA}
}

@article{1451869, 
  author={Saltzer, J.H. and Schroeder, M.D.}, 
  journal={{Proceedings of the IEEE}}, 
  title={The protection of information in computer systems}, 
  year={1975}, 
  month={September}, 
  volume={63}, 
  number={9}, 
  pages={1278--1308}
}

@inproceedings{Wang:2010:SIC:1953383.1953487,
  author = {Wang, Eric Ke and Ye, Yunming and Xu, Xiaofei and Yiu, S. M. and Hui, L. C.  K. and Chow, K. P.},
  title = {{Security Issues and Challenges for Cyber Physical System}},
  booktitle = {{Proceedings of the 2010 IEEE/ACM Int'L Conference on Green Computing and Communications \& Int'L Conference on Cyber, Physical and Social Computing}},
  series = {{GREENCOM-CPSCOM '10}},
  year = {2010},
  pages = {733--738},
  numpages = {6},
  publisher = {{IEEE Computer Society}},
  address = {Washington, DC, USA}
} 

@inproceedings{6042046, 
  author={LeMay, E. and Ford, M.D. and Keefe, K. and Sanders, W.H. and Muehrcke, C.}, 
  booktitle={{Quantitative Evaluation of Systems (QEST)}, 2011 {Eighth International Conference} on}, 
  title={{Model-based Security Metrics Using ADversary VIew Security Evaluation (ADVISE)}}, 
  year={2011}, 
  month={September}, 
  pages={191--200}
}

@article{6687271, 
  author={Zonouz, S. and Davis, C.M. and Davis, K.R. and Berthier, R. and Bobba, R.B. and Sanders, W.H.}, 
  journal={Smart Grid, IEEE Transactions on}, 
  title={{SOCCA: A Security-Oriented Cyber-Physical Contingency Analysis in Power Infrastructures}}, 
  year={2014}, 
  month={January}, 
  volume={5}, 
  number={1}, 
  pages={3--13}
}

@phdthesis{sallhammar2007stochastic,
  title={Stochastic models for combined security and dependability evaluation},
  author={Sallhammar, Karin},
  year={2007},
  school={Norwegian University of Science and Technology}
}

@article{5482589, 
  author={Manadhata, P.K. and Wing, J.M.}, 
  journal={Software Engineering, IEEE Transactions on}, 
  title={{An Attack Surface Metric}}, 
  year={2011}, 
  month={May}, 
  volume={37}, 
  number={3}, 
  pages={371--386}
}

@article{6730832,
  author = {Bernhard Beckert and Reiner H\"{a}hnle},
  title = {{Reasoning and Verification: State of the Art and Current Trends}},
  journal ={{IEEE Intelligent Systems}},
  volume = {29},
  number = {1},
  year = {2014},
  month={January},
  pages = {20--29},
  publisher = {{IEEE Computer Society}},
  address = {{Los Alamitos, CA, USA}}
}

@inproceedings{6386929, 
  author={Bresolin, D. and Di Guglielmo, L. and Geretti, L. and Muradore, R. and Fiorini, P. and Villa, T.}, 
  booktitle={{Digital System Design (DSD)}, 2012 15th {Euromicro Conference} on}, 
  title={{Open Problems in Verification and Refinement of Autonomous Robotic Systems}}, 
  year={2012}, 
  month={September}, 
  pages={469--476}
}

@incollection{wang2014,
  year={2014},
  booktitle={{Formal Techniques for Distributed Objects, Components, and Systems}},
  volume={8461},
  series={{Lecture Notes in Computer Science}},
  editor={\'{A}brah\'{a}m, Erika and Palamidessi, Catuscia},
  title={{Denial-of-Service Security Attack in the Continuous-Time World}},
  publisher={Springer Berlin Heidelberg},
  author={Wang, Shuling and Nielson, Flemming and Nielson, HanneRiis},
  pages={149--165}
}

@inproceedings{5590215, 
  author={Sommestad, T. and Ericsson, G.N. and Nordlander, J.}, 
  booktitle={Power and Energy Society General Meeting, 2010 IEEE}, 
  title={{SCADA system cyber security - A comparison of standards}}, 
  year={2010}, 
  month={July}, 
  pages={1--8}
}

@techreport{Lee07_ComputingFoundationsPracticeForCyberPhysicalSystems,
  author = {Edward A. Lee},
  title = {{Computing Foundations and Practice for Cyber-Physical Systems: A Preliminary Report}},
  institution = {University of California, Berkeley},
  number = {UCB/EECS-2007-72},
  month = {May},
  year = {2007}
}


@misc{applicationfieldcategory,
	  title={BIGS Policy Paper: Unmanned Aircraft Systems for Civilian Missions},
	  month = {November},
	  year={2014},
      url={http://www.bigs-potsdam.org/images/Policy%20Paper/PolicyPaper-No.1_Civil-Use-of-UAS_Bildschirmversion%20interaktiv.pdf}
}
     
@misc{PCAST:DesigningDigitalFuture,
  author = {{President's Council of Advisors on Science and Technology}},
  title = {{Report to the President and Congress: Designing a Digital Future: Federally Funded Research and Development in Networking and Information Technology}},
  month = {December},
  year = {2010}
}

@misc{NSF:CPS,
  author = {{National Science Foundation}},
  title = {{Cyber-Physical Systems Program Solicitation NSF 13-502}},
  year = {2012},
  month = {October}
}

@misc{acatech:industrie4,
	author = {{acatech: German National Academy of Science and Engineering}},
	title = {{Securing the future of German manufacturing industry. Recommendations for implementing the strategic initiative INDUSTRIE 4.0}},
	year = {2013},
	month = {April}
}

@inproceedings{DBLP:conf/isorc/Lee08a,
  author    = {Edward A. Lee},
  title     = {{Cyber Physical Systems: Design Challenges}},
  booktitle = {ISORC},
  year      = {2008},
  pages     = {363-369}
}

@inproceedings{DBLP:conf/dac/Lee10,
  author    = {Edward A. Lee},
  title     = {{CPS foundations}},
  booktitle = {DAC},
  year      = {2010},
  pages     = {737-742}
}

@inproceedings{6257627, 
  author={Qaisar Shafi}, 
  booktitle={Computational Science and Its Applications (ICCSA), 2012 12th International Conference on}, 
  title={{Cyber Physical Systems Security: A Brief Survey}}, 
  year={2012}, 
  month={June}, 
  pages={146--150}
}

@article{6032699, 
  author={Sridhar, S. and Hahn, A. and Govindarasu, M.}, 
  journal={{Proceedings of the IEEE}}, 
  title={{Cyber-Physical System Security for the Electric Power Grid}}, 
  year={2012}, 
  month={January}, 
  volume={100}, 
  number={1}, 
  pages={210--224}
}


@article{6016202, 
  author={Yilin Mo and Kim, T.H.-H. and Brancik, K. and Dickinson, D. and Heejo Lee and Perrig, A. and Sinopoli, B.}, 
  journal={Proceedings of the IEEE}, 
  title={{Cyber-Physical Security of a Smart Grid Infrastructure}}, 
  year={2012}, 
  month={January}, 
  volume={100}, 
  number={1}, 
  pages={195-209}
}

@inproceedings{5394956, 
  author={Yilin Mo and Sinopoli, Bruno}, 
  booktitle={Communication, Control, and Computing, 2009. Allerton 2009. 47th Annual Allerton Conference on}, 
  title={Secure control against replay attacks}, 
  year={2009}, 
  month={September}, 
  pages={911-918}
}

@inproceedings{5590115, 
  author={Sridhar, S. and Manimaran, G.}, 
  booktitle={Power and Energy Society General Meeting, 2010 IEEE}, 
  title={{Data integrity attacks and their impacts on SCADA control system}}, 
  year={2010}, 
  month={July}, 
  pages={1--6}
}

@article{Liu:2011:FDI:1952982.1952995,
 author = {Liu, Yao and Ning, Peng and Reiter, Michael K.},
 title = {{False Data Injection Attacks Against State Estimation in Electric Power Grids}},
 journal = {ACM Trans. Inf. Syst. Secur.},
 issue_date = {May 2011},
 volume = {14},
 number = {1},
 month = {June},
 year = {2011},
 pages = {13:1--13:33},
 publisher = {ACM},
 address = {New York, NY, USA}
}

@inproceedings{6039809, 
  author={Sridhar, S. and Manimaran, G.}, 
  booktitle={Power and Energy Society General Meeting, 2011 IEEE}, 
  title={Data integrity attack and its impacts on voltage control loop in power grid}, 
  year={2011}, 
  month={July}, 
  pages={1--6}
}

@inproceedings{bobba2010detecting,
  title={{Detecting False Data Injection Attacks on DC State Estimation}},
  author={Bobba, Rakesh B and Rogers, Katherine M and Wang, Qiyan and Khurana, Himanshu and Nahrstedt, Klara and Overbye, Thomas J},
  booktitle={Preprints of the First Workshop on Secure Control Systems, CPS Week},
  year={2010},
  month = {April},
  address={Stockholm, Sweden},
  pages={}
}

@article{4112982, 
  author={Mili, L. and Van Cutsem, T. and Ribbens-Pavella, M.}, 
  journal={Power Apparatus and Systems, IEEE Transactions on}, 
  title={{Bad Data Identification Methods In Power System State Estimation-A Comparative Study}}, 
  year={1985}, 
  month={November}, 
  volume={PAS-104}, 
  number={11}, 
  pages={3037--3049}
}

@article{Mitchell:2014:SID:2597757.2542049,
 author = {Mitchell, Robert and Chen, Ing-Ray},
 title = {{A Survey of Intrusion Detection Techniques for Cyber-physical Systems}},
 journal = {ACM Comput. Surv.},
 issue_date = {April 2014},
 volume = {46},
 number = {4},
 year = {2014},
 pages = {55:1--55:29},
 articleno = {55},
 publisher = {ACM},
 address = {New York, NY, USA}
} 

@inproceedings{zhu2010scada,
  title={{SCADA-Specific Intrusion Detection/Prevention Systems: A Survey and Taxonomy}},
  author={Bonnie Zhu and Sastry, S. Shankar},
  booktitle={Preprints of the First Workshop on Secure Control Systems, CPS Week},
  month = {April},
  year={2010},
  address={Stockholm, Sweden},
  pages={}
}

@inproceedings{766298, 
  author={Heimdahl, M.P.E. and Heitmeyer, C.L.}, 
  booktitle={Industrial Strength Formal Specification Techniques, 1998. Proceedings. 2nd IEEE Workshop on}, 
  title={Formal methods for developing high assurance computer systems: working group report}, 
  year={1998}, 
  month={}, 
  pages={60-64}
}

@incollection{D-MILS4SmartGrids,
  year={2014},
  booktitle={{Smart Grid Security}},
  series={{Lecture Notes in Computer Science}},
  editor={Cuellar, Jorge},
  title={{Distributed MILS Architectural Approach for Secure Smart Grids}},
  publisher={Springer International Publishing},
  author={Bytschkow, Denis and Quilbeuf, Jean and Igna, Georgeta and Ruess, Harald},
  pages={16--29}
}

@inproceedings{5091051, 
  author={Rieger, C.G. and Gertman, D.I. and McQueen, M.A.}, 
  booktitle={Human System Interactions, 2009. HSI '09. 2nd Conference on}, 
  title={{Resilient control systems: Next generation design research}}, 
  year={2009}, 
  month={May}, 
  pages={632--636}
}

@incollection{zhu2013GameTheoreticMTD,
  year={2013},
  booktitle={{Decision and Game Theory for Security}},
  volume={8252},
  series={{Lecture Notes in Computer Science}},
  editor={Das, Sajal K. and Nita-Rotaru, Cristina and Kantarcioglu, Murat},
  title={{Game-Theoretic Approach to Feedback-Driven Multi-stage Moving Target Defense}},
  publisher={Springer International Publishing},
  author={Zhu, Quanyan and Ba\c{s}ar, Tamer},
  pages={246--263}
}

@inproceedings{6378329, 
  author={Melin, A. and Kisner, R. and Fugate, D. and McIntyre, T.}, 
  booktitle={Future of Instrumentation International Workshop (FIIW), 2012}, 
  title={Minimum state awareness for resilient control systems under cyber-attack}, 
  year={2012}, 
  month={October}, 
  pages={1--4}
}

@inproceedings{6623750,
  author={Yuan Yuan and Quanyan Zhu and Fuchun Sun and Qinyi Wang and Basar, Tamer},
  booktitle={Resilient Control Systems (ISRCS), 2013 6th International Symposium on},
  title={{Resilient control of cyber-physical systems against Denial-of-Service attacks}},
  year={2013},
  month={August},
  pages={54--59}
}

@book{Jajodia:2011:MTD:2038041,
 author = {Jajodia, Sushil and Ghosh, Anup K. and Swarup, Vipin and Wang, Cliff and Wang, X. Sean},
 title = {{Moving Target Defense: Creating Asymmetric Uncertainty for Cyber Threats}},
 year = {2011},
 series={{Advances in Information Security}},
 volume={54},
 publisher = {Springer International Publishing}
}

@book{Jajodia:2013:MTD,
 author = {Jajodia, Sushil and Ghosh, Anup K. and Subrahmanian, V.S. and Swarup, Vipin and Wang, Cliff and Wang, X. Sean},
 title = {{Moving Target Defense II: Application of Game Theory and Adversarial Modeling}},
 year = {2013},
 publisher = {Springer International Publishing},
 series={{Advances in Information Security}},
 volume={100}
}

@inproceedings{zhuang:2014:MTD,
  author={Zhuang, Rui and DeLoach, Scott A. and Ou, Xinming},
  booktitle={The First ACM Workshop on Moving Target Defense (MTD 2014)},
  title={{Towards a Theory of Moving Target Defense}},
  year={2014},
  month={November},
  pages={},
  notes={to appear},
  address={Scottsdale, Arizona, USA}
}

@article{Manshaei:2013:GTM:2480741.2480742,
 author = {Manshaei, Mohammad Hossein and Zhu, Quanyan and Alpcan, Tansu and Bac\c{s}ar, Tamer and Hubaux, Jean-Pierre},
 title = {{Game Theory Meets Network Security and Privacy}},
 journal = {ACM Comput. Surv.},
 volume = {45},
 number = {3},
 month = {July},
 year = {2013},
 pages = {25:1--25:39},
 publisher = {ACM},
 address = {New York, NY, USA}
}

@misc{NistStrategicResearchCPS,
  author = {{National Institute of Standards and Technology (NIST)}},
  title = {{Strategic R\&D Opportunities for 21st Centry Cyber-Pysical Systems}},
  year = {2013},
  month = {January},
  note = {Report of the Steering Committee for Foundations in Innovation for Cyber-Physical Systems}
}

@inproceedings{5484019, 
  author={Morris, T.H. and Srivastava, A.K. and Reaves, B. and Pavurapu, K. and Abdelwahed, S. and Vaughn, R. and McGrew, W. and Dandass, Y.}, 
  booktitle={North American Power Symposium (NAPS), 2009}, 
  title={Engineering future cyber-physical energy systems: Challenges, research needs, and roadmap}, 
  year={2009}, 
  month={October}, 
  pages={1--6}
}

@inproceedings{6657300, 
  author={Kotenko, I. and Polubelova, O. and Saenko, I. and Doynikova, E.}, 
  booktitle={Availability, Reliability and Security (ARES), 2013 Eighth International Conference on}, 
  title={{The Ontology of Metrics for Security Evaluation and Decision Support in SIEM Systems}}, 
  year={2013}, 
  month={September}, 
  pages={638--645}
}

@inproceedings{6568374, 
  author={Kotenko, I. and Chechulin, A.}, 
  booktitle={Cyber Conflict (CyCon), 2013 5th International Conference on}, 
  title={{A Cyber Attack Modeling and Impact Assessment framework}}, 
  year={2013}, 
  month={June}, 
  pages={1--24}
}

@article{6025254, 
  author={Hahn, A. and Govindarasu, M.}, 
  journal={Smart Grid, IEEE Transactions on}, 
  title={{Cyber Attack Exposure Evaluation Framework for the Smart Grid}}, 
  year={2011}, 
  month={December}, 
  volume={2}, 
  number={4}, 
  pages={835--843}
}

@inproceedings{6329197, 
  author={Rudolph, M. and Schwarz, R.}, 
  booktitle={Availability, Reliability and Security (ARES), 2012 Seventh International Conference on}, 
  title={A Critical Survey of Security Indicator Approaches}, 
  year={2012}, 
  month={August}, 
  pages={291--300}
}

@inproceedings{6160641, 
  author={Pasqualetti, Fabio and Dorfler, Florian and Bullo, F.}, 
  booktitle={Decision and Control and European Control Conference (CDC-ECC), 2011 50th IEEE Conference on}, 
  title={Cyber-physical attacks in power networks: Models, fundamental limitations and monitor design}, 
  year={2011}, 
  month={December}, 
  pages={2195-2201}
}

@inproceedings{Eyisi:2014:EAD:2566468.2566472,
  author = {Eyisi, Emeka and Koutsoukos, Xenofon},
  title = {{Energy-based Attack Detection in Networked Control Systems}},
  booktitle = {Proceedings of the 3rd International Conference on High Confidence Networked Systems},
  series = {{HiCoNS '14}},
  year = {2014},
  location = {Berlin, Germany},
  pages = {115--124},
  numpages = {10},
  publisher = {ACM},
  address = {New York, NY, USA}
}

@incollection{Amin2009SafeSecureNCS,
  year={2009},
  booktitle={Hybrid Systems: Computation and Control},
  volume={5469},
  series={{Lecture Notes in Computer Science}},
  editor={Majumdar, Rupak and Tabuada, Paulo},
  title={{Safe and Secure Networked Control Systems under Denial-of-Service Attacks}},
  publisher={Springer Berlin Heidelberg},
  author={Amin, Saurabh and C\'{a}rdenas, Alvaro A. and Sastry, S. Shankar},
  pages={31--45}
}

@inproceedings{Cardenas:2011:AAP:1966913.1966959,
  author = {C\'{a}rdenas, Alvaro A. and Amin, Saurabh and Lin, Zong-Syun and Huang, Yu-Lun and Huang, Chi-Yen and Sastry, S. Shankar},
  title = {Attacks Against Process Control Systems: Risk Assessment, Detection, and Response},
  booktitle = {Proceedings of the 6th ACM Symposium on Information, Computer and Communications Security},
  series = {ASIACCS '11},
  year = {2011},
  location = {Hong Kong, China},
  pages = {355--366},
  publisher = {ACM},
  address = {New York, NY, USA}
}

@inproceedings{6120187, 
  author={Fawzi, H. and Tabuada, P. and Diggavi, S.}, 
  booktitle={Communication, Control, and Computing (Allerton), 2011 49th Annual Allerton Conference on}, 
  title={Secure state-estimation for dynamical systems under active adversaries}, 
  year={2011}, 
  month={September}, 
  pages={337--344}
}

@inproceedings{5717318, 
  author={Teixeira, A. and Amin, S. and Sandberg, H. and Johansson, K. H. and Sastry, S. S.}, 
  booktitle={Decision and Control (CDC), 2010 49th IEEE Conference on}, 
  title={Cyber security analysis of state estimators in electric power systems}, 
  year={2010}, 
  month={December}, 
  pages={5991--5998}
}

@incollection{Teixeira2013QuantifyingCyberSecurity,
  year={2013},
  booktitle={Control of Cyber-Physical Systems},
  volume={449},
  series={{Lecture Notes in Control and Information Sciences}},
  editor={Tarraf, Danielle C.},
  title={Quantifying Cyber-Security for Networked Control Systems},
  publisher={Springer International Publishing},
  author={Teixeira, Andr\'{e} and Sou, Kin Cheong and Sandberg, Henrik and Johansson, Karl H.},
  pages={123--142}
}

@inproceedings{Shoukry:2013:MCC:2461446.2461460,
  author = {Shoukry, Yasser and Araujo, Jose and Tabuada, Paulo and Srivastava, Mani and Johansson, Karl H.},
  title = {{Minimax Control for Cyber-physical Systems Under Network Packet Scheduling Attacks}},
  booktitle = {Proceedings of the 2Nd ACM International Conference on High Confidence Networked Systems},
  series = {{HiCoNS '13}},
  year = {2013},
  location = {Philadelphia, Pennsylvania, USA},
  pages = {93--100},
  publisher = {ACM},
  address = {New York, NY, USA}
}

@article{6389711, 
  author={D'Innocenzo, A. and Di Benedetto, M and Serra, E.}, 
  journal={Automatic Control, IEEE Transactions on}, 
  title={Fault Tolerant Control of Multi-Hop Control Networks}, 
  year={2013}, 
  month={June}, 
  volume={58}, 
  number={6}, 
  pages={1377--1389}
}

@article{5978186, 
  author={Alur, R. and D'Innocenzo, A. and Johansson, Karl H. and Pappas, G.J. and Weiss, G.}, 
  journal={Automatic Control, IEEE Transactions on}, 
  title={Compositional Modeling and Analysis of Multi-Hop Control Networks}, 
  year={2011}, 
  month={October}, 
  volume={56}, 
  number={10}, 
  pages={2345--2357}
}

@article{6102417, 
  author={Petersen, S. and Carlsen, S.}, 
  journal={Industrial Electronics Magazine, IEEE}, 
  title={{WirelessHART Versus ISA100.11a: The Format War Hits the Factory Floor}}, 
  year={2011}, 
  month={December}, 
  volume={5}, 
  number={4}, 
  pages={23--34} 
}

@article{Genge20121146,
  title = {A cyber-physical experimentation environment for the security analysis of networked industrial control systems},
  journal = {{Computers \& Electrical Engineering}},
  volume = {38},
  number = {5},
  pages = {1146--1161},
  year = {2012},
  note = {{Special issue on Recent Advances in Security and Privacy in Distributed Communications and Image processing}},
  author = {B\'{e}la Genge and Christos Siaterlis and Igor Nai Fovino and Marcelo Masera}
}

@article{6226792, 
  author={Siaterlis, C. and Garcia, A.P. and Genge, B.}, 
  journal={{Communications Surveys Tutorials, IEEE}}, 
  title={{On the Use of Emulab Testbeds for Scientifically Rigorous Experiments}}, 
  year={2013}, 
  month={Second Quarter}, 
  volume={15}, 
  number={2}, 
  pages={929--942}
}

@inproceedings{5655108, 
  author={Mirkovic, J. and Benzel, T.V. and Faber, T. and Braden, R. and Wroclawski, J.T. and Schwab, S.}, 
  booktitle={Technologies for Homeland Security (HST), 2010 IEEE International Conference on}, 
  title={{The DETER project: Advancing the science of cyber security experimentation and test}}, 
  year={2010}, 
  month={November}, 
  pages={1--7}
}

@inproceedings{5459612, 
  author={Wang Chunlei and Fang Lan and Dai Yiqi}, 
  booktitle={Measuring Technology and Mechatronics Automation (ICMTMA), 2010 International Conference on}, 
  title={{A Simulation Environment for SCADA Security Analysis and Assessment}}, 
  year={2010}, 
  month={March}, 
  volume={1}, 
  pages={342--347}
}

@article{10.1109/TETC.2013.2287188,
  author = {Christos Siaterlis and Bela Genge and Marc Hohenadel},
  title = {{EPIC: A Testbed for Scientifically Rigorous Cyber-Physical Security Experimentation}},
  journal ={IEEE Transactions on Emerging Topics in Computing},
  volume = {1},
  number = {2},
  year = {2013},
  pages = {319--330},
  publisher = {IEEE Computer Society},
  address = {Los Alamitos, CA, USA}
}

@article{Siaterlis:2014:CT:2602695.2602575,
  author = {Siaterlis, Christos and Genge, B{\'e}la},
  title = {Cyber-physical Testbeds},
  journal = {Communications of the ACM},
  volume = {57},
  number = {6},
  month = {June},
  year = {2014},
  pages = {64--73},
  numpages = {10},
  publisher = {ACM},
  address = {New York, NY, USA}
}

@article{Astrom2000363,
  title = {Drum-boiler dynamics},
  journal = {Automatica},
  volume = {36},
  number = {3},
  pages = {363--378},
  year = {2000},
  author = {\.{A}str\"{o}m, K.J. and Bell, R.D.}
}

@article{Downs1993245,
  title = {A plant-wide industrial process control problem},
  journal = {Computers \& Chemical Engineering},
  volume = {17},
  number = {3},
  pages = {245--255},
  year = {1993},
  note = {Industrial challenge problems in process control},
  author = {Downs, J.J. and Vogel, E.F.}
}

@inproceedings{6497837, 
  author={Yardley, T. and Berthier, R. and Nicol, D. and Sanders, W.H.}, 
  booktitle={Innovative Smart Grid Technologies (ISGT), 2013 IEEE PES}, 
  title={Smart grid protocol testing through cyber-physical testbeds}, 
  year={2013}, 
  month={February}, 
  pages={1--6}
}

@misc{NSTB-facts,
  author = {{\href{http://www.inl.gov/scada}{\textcolor{blue}{Idaho National Laboratory (INL)}}}},
  title = {{National SCADA Test Bed: Fact Sheet}},
  year = {2007}
}

@inproceedings{5514494, 
  author={Fovino, I.N. and Masera, M. and Guidi, L. and Carpi, G.}, 
  booktitle={Human System Interactions (HSI), 2010 3rd Conference on}, 
  title={{An experimental platform for assessing SCADA vulnerabilities and countermeasures in power plants}}, 
  year={2010}, 
  month={May}, 
  pages={679--686}
}

@article{6473865, 
  author={Hahn, A. and Ashok, A. and Sridhar, S. and Govindarasu, M.}, 
  journal={Smart Grid, IEEE Transactions on}, 
  title={{Cyber-Physical Security Testbeds: Architecture, Application, and Evaluation for Smart Grid}}, 
  year={2013}, 
  month={June}, 
  volume={4}, 
  number={2}, 
  pages={847-855}
}

@techreport{mcdonald2010modeling,
  title={Modeling and Simulation for Cyber-physical System Security Research, Development and Applications},
  author={McDonald, M and Mulder, John and Richardson, B and Cassidy, R and Chavez, Adrian and Pattengale, N and Pollock, G and Urrea, J and Schwartz, M and Atkins, W and others},
  institution={\href{http://www.sandia.gov}{\textcolor{blue}{Sandia National Laboratories}}},
  year={2010},
  number={SAND2010-0568}
}

@article{6009221, 
  author={Queiroz, C. and Mahmood, A. and Tari, Z.}, 
  journal={Smart Grid, IEEE Transactions on}, 
  title={SCADASim - A Framework for Building SCADA Simulations}, 
  year={2011}, 
  month={December}, 
  volume={2}, 
  number={4}, 
  pages={589--597} 
}

@article{Nan201376,
  title = {Analyzing vulnerabilities between {SCADA} system and {SUC} due to interdependencies},
  journal = {Reliability Engineering \& System Safety},
  volume = {113},
  pages = {76--93},
  year = {2013},
  author = {Cen Nan and Irene Eusgeld and Wolfgang Kr\"{o}ger}
}

@inproceedings{Varga:2008:OOS:1416222.1416290,
  author = {Varga, Andr\'{a}s and Hornig, Rudolf},
  title = {An Overview of the {OMNeT}++ Simulation Environment},
  booktitle = {Proceedings of the 1st International Conference on Simulation Tools and Techniques for Communications, Networks and Systems \& Workshops},
  series = {Simutools '08},
  year = {2008},
  location = {Marseille, France},
  pages = {60:1--60:10},
  publisher = {{ICST (Institute for Computer Sciences, Social-Informatics and Telecommunications Engineering)}},
  address = {ICST, Brussels, Belgium, Belgium}
}

@techreport{lamas:hal-00920828,
    title = {{An Experimental Testbed and Methodology for Security Analysis of SCADA Systems}},
    author = {Lamas, Bernardo and Soury, Ayoub and Saadallah, Bilel and Lahmadi, Abdelkader and Festor, Olivier},
    affiliation = {MADYNES - INRIA Nancy - Grand Est / LORIA},
    pages = {89},
    type = {Technical Report},
    institution = {INRIA},
    number = {RT-0443},
    year = {2013},
    month = {December}
}

@inproceedings{di2011dynamical,
  title={Dynamical Power Optimization by Decentralized Routing Control in Multi-Hop Wireless Control Networks},
  author={Di Benedetto, Maria Domenica and D’Innocenzo, Alessandro and Serra, Emmanuele},
  booktitle={Proceedings of the 18th IFAC World Congress},
  year={2011},
  month={August},
  pages={8957--8962}
}

@article{720538, 
  author={Kailath, Thomas and Poor, H. Vincent}, 
  journal={Information Theory, IEEE Transactions on}, 
  title={Detection of Stochastic Processes}, 
  year={1998}, 
  month={October}, 
  volume={44}, 
  number={6}, 
  pages={2230-2231}
}

@article{LawrenceRicker1993109,
  title = {Model predictive control of a continuous, nonlinear, two-phase reactor},
  journal = {Journal of Process Control},
  volume = {3},
  number = {2},
  pages = {109--123},
  year = {1993},
  author = {N. Lawrence Ricker}
}

@inproceedings{Eyisi2014EAD,
  author = {Eyisi, Emeka and Koutsoukos, Xenofon},
  title = {Energy-based Attack Detection in Networked Control Systems},
  booktitle = {Proceedings of the 3rd International Conference on High Confidence Networked Systems},
  series = {HiCoNS '14},
  year = {2014},
  location = {Berlin, Germany},
  pages = {115--124},
  publisher = {ACM},
  address = {New York, NY, USA}
}

@inproceedings{parvania2014hybrid,
  title={Hybrid Control Network Intrusion Detection Systems for Automated Power Distribution Systems},
  author={Parvania, Masood and Koutsandria, Georgia and Muthukumary, Vishak and Peisert, Sean and McParland, Chuck and Scaglione, Anna},
  booktitle={Dependable Systems and Networks (DSN), 2014 44th Annual IEEE/IFIP International Conference on},
  pages={774--779},
  year={2014},
  organization={IEEE}
}

@article{1160055, 
  author={Kephart, J.O. and Chess, D.M.}, 
  journal={Computer}, 
  title={The vision of autonomic computing}, 
  year={2003}, 
  month={January}, 
  volume={36}, 
  number={1}, 
  pages={41--50}
}

@article{Stakhanova2007TIR,
  author = {Stakhanova, Natalia and Basu, Samik and Wong, Johnny},
  title = {A Taxonomy of Intrusion Response Systems},
  journal = {Int. J. Inf. Comput. Secur.},
  volume = {1},
  number = {1},
  month = {January},
  year = {2007},
  pages = {169--184},
  publisher = {Inderscience Publishers},
  address = {Inderscience Publishers, Geneva, SWITZERLAND}
} 

@inproceedings{chen14model,
  title={A Model-based Approach to Self-Protection in SCADA Systems},
  author={Chen, Qian and Abdelwahed, Sherif},
  booktitle={9th International Workshop on Feedback Computing (Feedback Computing 14)},
  organization={USENIX Association},
  year={2014}
}

@inproceedings{enlighten70754,
  booktitle = {9th IEEE International Conference and Workshops on the Engineering of Autonomic and Autonomous Systems},
  title = {Towards self-protecting smart metering: Investigating requirements for the MAPE loop},
  author = {M. Salehie and L. Pasquale and I. Omoronyia and B. Nuseibeh},
  year = {2012}
}

@article{Yuan2014SSS,
  author = {Yuan, Eric and Esfahani, Naeem and Malek, Sam},
  title = {A Systematic Survey of Self-Protecting Software Systems},
  journal = {ACM Trans. Auton. Adapt. Syst.},
  volume = {8},
  number = {4},
  month = {January},
  year = {2014},
  pages = {17:1--17:41},
  publisher = {ACM},
  address = {New York, NY, USA}
}

@article{shameli2012intrusion,
  title={Intrusion response systems: survey and taxonomy},
  author={Shameli-Sendi, Alireza and Ezzati-Jivan, Naser and Jabbarifar, Masoume and Dagenais, Michel},
  journal={Int. J. Comput. Sci. Network Secur (IJCSNS)},
  volume={12},
  number={1},
  pages={1--14},
  year={2012}
}

@article{10.1109/MSP.2010.145,
  author = {Quyen L. Nguyen and Arun Sood},
  title = {A Comparison of Intrusion-Tolerant System Architectures},
  journal ={IEEE Security \& Privacy},
  volume = {9},
  number = {4},
  year = {2011},
  pages = {24--31},
  publisher = {IEEE Computer Society},
  address = {Los Alamitos, CA, USA}
}

@inproceedings{6688005, 
  author={Malik, S. and Berthier, R. and Bobba, R.B. and Campbell, R.H. and Sanders, W.H.}, 
  booktitle={Smart Grid Communications (SmartGridComm), 2013 IEEE International Conference on}, 
  title={Formal design of communication checkers for ICCP using UPPAAL}, 
  year={2013}, 
  month={October}, 
  pages={486--491}
}

@incollection{Liu2010,
  year={2010},
  booktitle={Programming Languages and Systems},
  volume={6461},
  series={Lecture Notes in Computer Science},
  editor={Ueda, Kazunori},
  title={A Calculus for Hybrid CSP},
  publisher={Springer Berlin Heidelberg},
  author={Liu, Jiang and Lv, Jidong and Quan, Zhao and Zhan, Naijun and Zhao, Hengjun and Zhou, Chaochen and Zou, Liang},
  pages={1--15}
}

@incollection{Nielson2013QualityCalculus,
  year={2013},
  booktitle={Formal Aspects of Component Software},
  volume={7684},
  series={Lecture Notes in Computer Science},
  editor={Păsăreanu, CorinaS. and Salaün, Gwen},
  title={A Calculus for Quality},
  publisher={Springer Berlin Heidelberg},
  author={Nielson, HanneRiis and Nielson, Flemming and Vigo, Roberto},
  pages={188--204}
}

@inproceedings{Alur1993HAA,
  author = {Alur, Rajeev and Courcoubetis, Costas and Henzinger, Thomas A. and Ho, Pei-Hsin},
  title = {Hybrid Automata: An Algorithmic Approach to the Specification and Verification of Hybrid Systems},
  booktitle = {Hybrid Systems},
  year = {1993},
  pages = {209--229},
  publisher = {Springer-Verlag},
  address = {London, UK, UK}
}

@article{david2012statistical,
  title={Statistical model checking for stochastic hybrid systems},
  author={David, Alexandre and Du, Dehui and Larsen, Kim G and Legay, Axel and Miku{\v{c}}ionis, Marius and Poulsen, Danny B{\o}gsted and Sedwards, Sean},
  journal={arXiv preprint arXiv:1208.3856},
  year={2012}
}

@article{Corin:2007:TAS:1370677.1370679,
  author = {Corin, R. and Etalle, S. and Hartel, P. H. and Mader, A.},
  title = {Timed Analysis of Security Protocols},
  journal = {J. Comput. Secur.},
  volume = {15},
  number = {6},
  month = {December},
  year = {2007},
  pages = {619--645},
  numpages = {27},
  publisher = {IOS Press},
  address = {Amsterdam, The Netherlands, The Netherlands}
}

@inproceedings{D'Innocenzo:2012:RPM:2185632.2185673,
  author = {D'Innocenzo, Alessandro and Abate, Alessandro and Katoen, Joost-Pieter},
  title = {Robust {PCTL} Model Checking},
  booktitle = {Proceedings of the 15th ACM International Conference on Hybrid Systems: Computation and Control},
  series = {HSCC '12},
  year = {2012},
  location = {Beijing, China},
  pages = {275--286},
  publisher = {ACM},
  address = {New York, NY, USA}
}

@incollection{Shull2008ESE,
  year={2008},
  booktitle={Guide to Advanced Empirical Software Engineering},
  editor={Shull, Forrest and Singer, Janice and Sj\o{}berg, Dag I.K.},
  title={Selecting Empirical Methods for Software Engineering Research},
  publisher={Springer London},
  author={Easterbrook, Steve and Singer, Janice and Storey, Margaret-Anne and Damian, Daniela},
  pages={285--311}
}

@article{tadele2014safety,
  title={The safety of domestic robotics: A survey of various ssafety-related publications},
  author={Tadele, Tadele Shiferaw and Vries, Theo JA and Stramigioli, Stefano},
  journal={IEEE Robotics \& Automation Magazine},
  volume={21},
  number={3},
  pages={134--142},
  year={2014},
  publisher={IEEE Robotics and Automation Society}
}
@article{goodrich2007human,
  title={Human-robot interaction: a survey},
  author={Goodrich, Michael A and Schultz, Alan C},
  journal={Foundations and trends in human-computer interaction},
  volume={1},
  number={3},
  pages={203--275},
  year={2007},
  publisher={Now Publishers Inc.}
}
@inproceedings{vasic2013safety,
  title={Safety issues in human-robot interactions},
  author={Vasic, Milos and Billard, Aude},
  booktitle={Robotics and Automation (ICRA), 2013 IEEE International Conference on},
  pages={197--204},
  year={2013},
  organization={IEEE}
}
@inproceedings{alami2006safe,
  title={Safe and dependable physical human-robot interaction in anthropic domains: State of the art and challenges},
  author={Alami, R and Albu-Schaeffer, A and Bicchi, A and Bischoff, R and Chatila, R and De Luca, A and De Santis, A and Giralt, G and Guiochet, J and Hirzinger, G and others},
  booktitle={Proc. IROS},
  volume={6},
  number={1},
  year={2006},
  organization={Citeseer}
}
@article{gummerbigs,
  title={BIGS Policy Paper},
  author={Gummer, SC and Stuchtey, Tim H}
}

@misc{Introductionrobot,
      title = {Introduction to Robots},
      month = {October},
      year = {2014},
      howpublished= {\url{http://www.galileo.org/robotics/intro.html}}
}
@misc{originrobot,
      title = {Oxford Dictionary: Origin of the term robot},
      month = {October},
      year = {2014},
      howpublished= {\url{https://www.oxforddictionaries.com/definition/english/robot}}
}
@misc{1_harris_2014,
author={Harris, Tom},
title={How Robots Work - HowStuffWorks},
url={http://science.howstuffworks.com/robot.htm},
journal={HowStuffWorks},
year={2014}
}
@book{siciliano2008springer,
  title={Springer handbook of robotics},
  author={Siciliano, Bruno and Khatib, Oussama},
  year={2008},
  publisher={Springer}
}
@phdthesis{Olesya,
title={Human Robot Interaction: The Safety
Challenge},
  author={Ogorodnikova, Olesya},
  school={Budapest University of Technology and Economics},
  year={2010},
}
@techreport{keele2007guidelines,
  title={Guidelines for performing systematic literature reviews in software engineering},
  author={Keele, Staffs},
  year={2007},
  institution={Technical report, EBSE Technical Report EBSE-2007-01}
}
@article{fleiss1981measurement,
  title={The measurement of interrater agreement},
  author={Fleiss, Joseph L and Levin, Bruce and Paik, Myunghee Cho},
  journal={Statistical methods for rates and proportions},
  volume={2},
  pages={212--236},
  year={1981},
  publisher={John Wiley and Sons New York}
}

@article{dybaa2008empirical,
  title={Empirical studies of agile software development: A systematic review},
  author={Dyb{\aa}, Tore and Dings{\o}yr, Torgeir},
  journal={Information and software technology},
  volume={50},
  number={9},
  pages={833--859},
  year={2008},
  publisher={Elsevier}
}
@inproceedings{budgen2008using,
  title={Using mapping studies in software engineering},
  author={Budgen, David and Turner, Mark and Brereton, Pearl and Kitchenham, Barbara},
  booktitle={Proceedings of PPIG},
  volume={8},
  pages={195--204},
  year={2008}
}
@article{stone2000multiagent,
  title={Multiagent systems: A survey from a machine learning perspective},
  author={Stone, Peter and Veloso, Manuela},
  journal={Autonomous Robots},
  volume={8},
  number={3},
  pages={345--383},
  year={2000},
  publisher={Springer}
}

@article{skiena504algorithm,
  title={The algorithm design manual, 1997},
  author={Skiena, Steven S},
  journal={Stony Brook, NY: Telos Pr},
  volume={504}
}
@inproceedings{bozhinoski2015flyaq,
  title={Flyaq: Enabling non-expert users to specify and generate missions of autonomous multicopters},
  author={Bozhinoski, Darko and Di Ruscio, Davide and Malavolta, Ivano and Pelliccione, Patrizio and Tivoli, Massimo},
  booktitle={Automated Software Engineering (ASE), 2015 30th IEEE/ACM International Conference on},
  pages={801--806},
  year={2015},
  organization={IEEE}
}
@inproceedings{di2013engineering,
  title={Engineering a platform for mission planning of autonomous and resilient quadrotors},
  author={Di Ruscio, Davide and Malavolta, Ivano and Pelliccione, Patrizio},
  booktitle={International Workshop on Software Engineering for Resilient Systems},
  pages={33--47},
  year={2013},
  organization={Springer}
}
@inproceedings{goerzen2009survey,
  title={A survey of motion planning algorithms from the perspective of autonomous UAV guidance},
  author={Goerzen, Chad and Kong, Zhaodan and Mettler, Bernard},
  booktitle={Selected papers from the 2nd International Symposium on UAVs, Reno, Nevada, USA June 8--10, 2009},
  pages={65--100},
  year={2009},
  organization={Springer}
}
@article{bygi20073d,
  title={3D visibility graph},
  author={Bygi, Mojtaba Nouri and Ghodsi, Mohammad},
  journal={Computational Science and its Applications, Kuala Lampur},
  year={2007}
}
@inproceedings{ryu2011search,
  title={A search and coverage algorithm for mobile robot},
  author={Ryu, Seuk-Woo and Lee, Young-ho and Kuc, Tae-Yong and Ji, Sang-Hun and Moon, Yong-Seon},
  booktitle={Ubiquitous Robots and Ambient Intelligence (URAI), 2011 8th International Conference on},
  pages={815--821},
  year={2011},
  organization={IEEE}
}
@inproceedings{mannadiar2010optimal,
  title={Optimal coverage of a known arbitrary environment},
  author={Mannadiar, Raphael and Rekleitis, Ioannis},
  booktitle={Robotics and Automation (ICRA), 2010 IEEE International Conference on},
  pages={5525--5530},
  year={2010},
  organization={IEEE}
}
@article{galceran2013survey,
  title={A survey on coverage path planning for robotics},
  author={Galceran, Enric and Carreras, Marc},
  journal={Robotics and Autonomous Systems},
  volume={61},
  number={12},
  pages={1258--1276},
  year={2013},
  publisher={Elsevier}
}
@article{jouault2008atl,
  title={ATL: A model transformation tool},
  author={Jouault, Fr{\'e}d{\'e}ric and Allilaire, Freddy and B{\'e}zivin, Jean and Kurtev, Ivan},
  journal={Science of computer programming},
  volume={72},
  number={1},
  pages={31--39},
  year={2008},
  publisher={Elsevier}
}
@inproceedings{di2014role,
  title={The role of parts in the system behaviour},
  author={Di Ruscio, Davide and Malavolta, Ivano and Pelliccione, Patrizio},
  booktitle={International Workshop on Software Engineering for Resilient Systems},
  pages={24--39},
  year={2014},
  organization={Springer}
}
@misc{johnson2006emergent,
  title={What are emergent properties and how do they affect the engineering of complex systems?},
  author={Johnson, Christopher W},
  year={2006},
  publisher={Elsevier}
}
@inproceedings{bures2015towards,
  title={Towards intelligent ensembles},
  author={Bures, Tomas and Krijt, Filip and Plasil, Frantisek and Hnetynka, Petr and Jiracek, Zbynek},
  booktitle={Proceedings of the 2015 European Conference on Software Architecture Workshops},
  pages={17},
  year={2015},
  organization={ACM}
}
@inproceedings{ruscio2016automatic,
  title={Automatic generation of detailed flight plans from high-level mission descriptions},
  author={Ruscio, Davide Di and Malavolta, Ivano and Pelliccione, Patrizio and Tivoli, Massimo},
  booktitle={Proceedings of the ACM/IEEE 19th International Conference on Model Driven Engineering Languages and Systems},
  pages={45--55},
  year={2016},
  organization={ACM}
}
@article{lahijanian2016iterative,
  title={Iterative temporal planning in uncertain environments with partial satisfaction guarantees},
  author={Lahijanian, Morteza and Maly, Matthew R and Fried, Dror and Kavraki, Lydia E and Kress-Gazit, Hadas and Vardi, Moshe Y},
  journal={IEEE Transactions on Robotics},
  volume={32},
  number={3},
  pages={583--599},
  year={2016},
  publisher={IEEE}
}
@inproceedings{bucchiarone2014collective,
  title={Collective adaptation in process-based systems},
  author={Bucchiarone, Antonio and Mezzina, Claudio Antares and Pistore, Marco and Raik, Heorhi and Valetto, Giuseppe},
  booktitle={Self-Adaptive and Self-Organizing Systems (SASO), 2014 IEEE Eighth International Conference on},
  pages={151--156},
  year={2014},
  organization={IEEE}
}
@article{colledanchise2017behavior,
  title={How behavior trees modularize hybrid control systems and generalize sequential behavior compositions, the subsumption architecture, and decision trees},
  author={Colledanchise, Michele and {\"O}gren, Petter},
  journal={IEEE Transactions on Robotics},
  volume={33},
  number={2},
  pages={372--389},
  year={2017},
  publisher={IEEE}
}
@inproceedings{dromey2003requirements,
  title={From requirements to design: Formalizing the key steps},
  author={Dromey, R Geoff},
  booktitle={Software Engineering and Formal Methods, 2003. Proceedings. First International Conference on},
  pages={2--11},
  year={2003},
  organization={IEEE}
}
@inproceedings{bozhinoski2016leveraging,
  title={Leveraging Collective Run-time Adaptation for UAV-based Systems},
  author={Bozhinoski, Darko and Bucchiarone, Antonio and Malavolta, Ivano and Marconi, Annapaola and Pelliccione, Patrizio},
  booktitle={Software Engineering and Advanced Applications (SEAA), 2016 42th Euromicro Conference on},
  pages={214--221},
  year={2016},
  organization={IEEE}
}